@misc{wiki:primetheorem,
    author = "Wikipedia",
    title = "Prime number theorem",
    year = "2023",
    howpublished = "\url{https://en.wikipedia.org/wiki/Prime_number_theorem}",
    note = "[Online; accessed 2-November-2023]"
}

@misc{wiki:quadraticsieve,
    author = "Wikipedia",
    title = "Quadratic sieve",
    year = "2023",
    howpublished = "\url{https://en.wikipedia.org/wiki/Quadratic_sieve}",
    note = "[Online; accessed 24-November-2023]"
}
@misc{wiki:Eratosthenes,
    author = "Wikipedia",
    title = "Sieve of Eratosthenes",
    year = "2023",
    howpublished = "\url{https://en.wikipedia.org/wiki/Sieve_of_Eratosthenes}",
    note = "[Online; accessed 24-November-2023]"
}

